% Long form of conference & journal abbreviations -- especially for camera ready
@String(PAMI  = {IEEE Trans. Pattern Anal. Mach. Intell.})
@String(IJCV  = {Int. J. Comput. Vis.})
@String(CVPR  = {IEEE Conf. Comput. Vis. Pattern Recog.})
@String(ICCV  = {Int. Conf. Comput. Vis.})
@String(ECCV  = {Eur. Conf. Comput. Vis.})
@String(NeurIPS = {Adv. Neural Inform. Process. Syst.})
@String(ICML  = {Int. Conf. Mach. Learn.})
@String(ICLR  = {Int. Conf. Learn. Represent.})
@String(ACCV  = {Asian Conf. Comput. Vis.})
@String(BMVC  = {Brit. Mach. Vis. Conf.})
@String(CVPRW = {IEEE Conf. Comput. Vis. Pattern Recog. Worksh.})
@String(AAAI  = {AAAI})
@String(IJCAI = {IJCAI})
@String(ICIP  = {IEEE Int. Conf. Image Process.})
@String(ICPR  = {Int. Conf. Pattern Recog.})
@String(ICASSP=	{ICASSP})
@String(ICME  = {Int. Conf. Multimedia and Expo})
@String(JMLR  = {J. Mach. Learn. Res.})
@String(TMLR  = {Trans. Mach. Learn Res.})
@String(TOG   = {ACM Trans. Graph.})
@String(TIP   = {IEEE Trans. Image Process.})
@String(TVCG  = {IEEE Trans. Vis. Comput. Graph.})
@String(TCSVT = {IEEE Trans. Circuit Syst. Video Technol.})
@String(TMM   = {IEEE Trans. Multimedia})
@String(ACMMM = {ACM Int. Conf. Multimedia})
@String(PR    = {Pattern Recognition})

@String(MNI	  = {Nature Mach. Intell.})
@String(SPL	  = {IEEE Sign. Process. Letters})
@String(VR    = {Vis. Res.})
@String(JOV	  = {J. Vis.})
@String(TVC   = {The Vis. Comput.})
@String(JCST  = {J. Comput. Sci. Tech.})
@String(CGF   = {Comput. Graph. Forum})
@String(CVM   = {Computational Visual Media})


% Short form of conference & journal abbreviations -- especially for submission version
% if desired, remove these macros in favor of the above ones
@String(PAMI  = {IEEE TPAMI})
@String(IJCV  = {IJCV})
@String(CVPR  = {CVPR})
@String(ICCV  = {ICCV})
@String(ECCV  = {ECCV})
@String(NeurIPS = {NeurIPS})
@String(ICML  = {ICML})
@String(ICLR  = {ICLR})
@String(ACCV  = {ACCV})
@String(BMVC  =	{BMVC})
@String(CVPRW = {CVPRW})
@String(AAAI  = {AAAI})
@String(IJCAI = {IJCAI})
@String(ICIP  = {ICIP})
@String(ICPR  = {ICPR})
@String(ICASSP=	{ICASSP})
@String(ICME  =	{ICME})
@String(JMLR  = {JMLR})
@String(TMLR  = {TMLR})
@String(TOG   = {ACM TOG})
@String(TIP   = {IEEE TIP})
@String(TVCG  = {IEEE TVCG})
@String(TCSVT = {IEEE TCSVT})
@String(TMM   =	{IEEE TMM})
@String(ACMMM = {ACM MM})
@String(PR    = {PR})


% Introduction
@article{film-grain-rendering,
    title   = {{Realistic Film Grain Rendering}},
    author  = {Newson, Alasdair and Faraj, Noura and Galerne, Bruno and Delon, Julie},
    journal = {{Image Processing On Line}},
    volume  = {7},
    pages   = {165--183},
    year    = {2017},
    note    = {\url{https://doi.org/10.5201/ipol.2017.192}}
}

% Literature Review

% Image translation
@misc{conditionalgan,
      title={Image-to-Image Translation with Conditional Adversarial Networks}, 
      author={Phillip Isola and Jun-Yan Zhu and Tinghui Zhou and Alexei A. Efros},
      year={2018},
      eprint={1611.07004},
      archivePrefix={arXiv},
      primaryClass={cs.CV}
}

@misc{cyclicgan,
      title={Unpaired Image-to-Image Translation using Cycle-Consistent Adversarial Networks}, 
      author={Jun-Yan Zhu and Taesung Park and Phillip Isola and Alexei A. Efros},
      year={2020},
      eprint={1703.10593},
      archivePrefix={arXiv},
      primaryClass={cs.CV}
}


% Super Resolution
@misc{image-super-resolution-with-deep-networks,
      title={Image Super-Resolution Using Deep Convolutional Networks}, 
      author={Chao Dong and Chen Change Loy and Kaiming He and Xiaoou Tang},
      year={2015},
      eprint={1501.00092},
      archivePrefix={arXiv},
      primaryClass={cs.CV}
}

@misc{accurate-image-super-resolution,
      title={Accurate Image Super-Resolution Using Very Deep Convolutional Networks}, 
      author={Jiwon Kim and Jung Kwon Lee and Kyoung Mu Lee},
      year={2016},
      eprint={1511.04587},
      archivePrefix={arXiv},
      primaryClass={cs.CV}
}


@misc{gan-photo-realistic-super-resolution,
      title={Photo-Realistic Single Image Super-Resolution Using a Generative Adversarial Network}, 
      author={Christian Ledig and Lucas Theis and Ferenc Huszar and Jose Caballero and Andrew Cunningham and Alejandro Acosta and Andrew Aitken and Alykhan Tejani and Johannes Totz and Zehan Wang and Wenzhe Shi},
      year={2017},
      eprint={1609.04802},
      archivePrefix={arXiv},
      primaryClass={cs.CV}
}
@misc{esrgan-super-resolution,
      title={ESRGAN: Enhanced Super-Resolution Generative Adversarial Networks}, 
      author={Xintao Wang and Ke Yu and Shixiang Wu and Jinjin Gu and Yihao Liu and Chao Dong and Chen Change Loy and Yu Qiao and Xiaoou Tang},
      year={2018},
      eprint={1809.00219},
      archivePrefix={arXiv},
      primaryClass={cs.CV}
}
@misc{recovering-texture-super-resolution,
      title={Recovering Realistic Texture in Image Super-resolution by Deep Spatial Feature Transform}, 
      author={Xintao Wang and Ke Yu and Chao Dong and Chen Change Loy},
      year={2018},
      eprint={1804.02815},
      archivePrefix={arXiv},
      primaryClass={cs.CV}
}
@misc{pulse-gan-perceptual-super-resolution,
      title={PULSE: Self-Supervised Photo Upsampling via Latent Space Exploration of Generative Models}, 
      author={Sachit Menon and Alexandru Damian and Shijia Hu and Nikhil Ravi and Cynthia Rudin},
      year={2020},
      eprint={2003.03808},
      archivePrefix={arXiv},
      primaryClass={cs.CV}
}
@misc{gan-progressive-stability-resolution,
      title={Progressive Growing of GANs for Improved Quality, Stability, and Variation}, 
      author={Tero Karras and Timo Aila and Samuli Laine and Jaakko Lehtinen},
      year={2018},
      eprint={1710.10196},
      archivePrefix={arXiv},
      primaryClass={cs.NE}
}
@misc{gan-style-based-resolution,
      title={A Style-Based Generator Architecture for Generative Adversarial Networks}, 
      author={Tero Karras and Samuli Laine and Timo Aila},
      year={2019},
      eprint={1812.04948},
      archivePrefix={arXiv},
      primaryClass={cs.NE}
}

@misc{resolution-perceptual-losses,
      title={Perceptual Losses for Real-Time Style Transfer and Super-Resolution}, 
      author={Justin Johnson and Alexandre Alahi and Li Fei-Fei},
      year={2016},
      eprint={1603.08155},
      archivePrefix={arXiv},
      primaryClass={cs.CV}
}

@article{zoom-to-learn,
  author       = {Xuaner Cecilia Zhang and
                  Qifeng Chen and
                  Ren Ng and
                  Vladlen Koltun},
  title        = {Zoom To Learn, Learn To Zoom},
  journal      = {CoRR},
  volume       = {abs/1905.05169},
  year         = {2019},
  url          = {http://arxiv.org/abs/1905.05169},
  eprinttype    = {arXiv},
  eprint       = {1905.05169},
  timestamp    = {Tue, 28 May 2019 12:48:08 +0200},
  biburl       = {https://dblp.org/rec/journals/corr/abs-1905-05169.bib},
  bibsource    = {dblp computer science bibliography, https://dblp.org}
}

@misc{contextual-loss,
      title={The Contextual Loss for Image Transformation with Non-Aligned Data}, 
      author={Roey Mechrez and Itamar Talmi and Lihi Zelnik-Manor},
      year={2018},
      eprint={1803.02077},
      archivePrefix={arXiv},
      primaryClass={cs.CV}
}



% Image Colorization
@article{large-scale-colorisation,
  title={Learning Large-Scale Automatic Image Colorization},
  author={Aditya Deshpande and Jason Rock and David Alexander Forsyth},
  journal={2015 IEEE International Conference on Computer Vision (ICCV)},
  year={2015},
  pages={567-575},
  url={https://api.semanticscholar.org/CorpusID:13195504}
}

@article{intrinsic-colorisation,
author = {Liu, Xiaopei and Wan, Liang and Qu, Yingge and Wong, Tien-Tsin and Lin, Stephen and Leung, Chi-Sing and Heng, Pheng-Ann},
title = {Intrinsic colorization},
year = {2008},
issue_date = {December 2008},
publisher = {Association for Computing Machinery},
address = {New York, NY, USA},
volume = {27},
number = {5},
issn = {0730-0301},
url = {https://doi.org/10.1145/1409060.1409105},
doi = {10.1145/1409060.1409105},
journal = {ACM Trans. Graph.},
}

@article{deep-colorisation,
  author       = {Zezhou Cheng and
                  Qingxiong Yang and
                  Bin Sheng},
  title        = {Deep Colorization},
  journal      = {CoRR},
  volume       = {abs/1605.00075},
  year         = {2016},
  url          = {http://arxiv.org/abs/1605.00075},
  eprinttype    = {arXiv},
  eprint       = {1605.00075},
  timestamp    = {Fri, 26 Feb 2021 08:18:16 +0100},
  biburl       = {https://dblp.org/rec/journals/corr/ChengYS16.bib},
  bibsource    = {dblp computer science bibliography, https://dblp.org}
}

@article{semantic-colorisation,
      author = {Chia, Alex Yong-Sang and Zhuo, Shaojie and Gupta, Raj Kumar and Tai, Yu-Wing and Cho, Siu-Yeung and Tan, Ping and Lin, Stephen},
      title = {Semantic colorization with internet images},
      year = {2011},
      issue_date = {December 2011},
      publisher = {Association for Computing Machinery},
      address = {New York, NY, USA},
      volume = {30},
      number = {6},
      issn = {0730-0301},
      url = {https://doi.org/10.1145/2070781.2024190},
      doi = {10.1145/2070781.2024190},
      journal = {ACM Trans. Graph.},
}


% Raw-to-Raw Mapping
@article{raw-to-raw,
  author       = {Mahmoud Afifi and
                  Abdullah Abuolaim},
  title        = {Semi-Supervised Raw-to-Raw Mapping},
  journal      = {CoRR},
  volume       = {abs/2106.13883},
  year         = {2021},
  url          = {https://arxiv.org/abs/2106.13883},
  eprinttype    = {arXiv},
  eprint       = {2106.13883},
  timestamp    = {Wed, 30 Jun 2021 16:14:10 +0200},
  biburl       = {https://dblp.org/rec/journals/corr/abs-2106-13883.bib},
  bibsource    = {dblp computer science bibliography, https://dblp.org}
}



% Style Transfer
@misc{scaling-painting-style-transfer,
      title={Scaling Painting Style Transfer}, 
      author={Bruno Galerne and Lara Raad and Jos√© Lezama and Jean-Michel Morel},
      year={2022},
      eprint={2212.13459},
      archivePrefix={arXiv},
      primaryClass={cs.CV}
}
@INPROCEEDINGS{image-style-transfer,
  author={Gatys, Leon A. and Ecker, Alexander S. and Bethge, Matthias},
  booktitle={2016 IEEE Conference on Computer Vision and Pattern Recognition (CVPR)}, 
  title={Image Style Transfer Using Convolutional Neural Networks}, 
  year={2016},
  volume={},
  number={},
  pages={2414-2423},
  keywords={Image reconstruction;Neural networks;Image representation;Semantics;Neuroscience;Feature extraction;Visualization},
  doi={10.1109/CVPR.2016.265}
}
@misc{deep-photo-style-transfer,
      title={Deep Photo Style Transfer}, 
      author={Fujun Luan and Sylvain Paris and Eli Shechtman and Kavita Bala},
      year={2017},
      eprint={1703.07511},
      archivePrefix={arXiv},
      primaryClass={cs.CV}
}
@misc{perceptual-losses-style-transfer,
      title={Perceptual Losses for Real-Time Style Transfer and Super-Resolution}, 
      author={Justin Johnson and Alexandre Alahi and Li Fei-Fei},
      year={2016},
      eprint={1603.08155},
      archivePrefix={arXiv},
      primaryClass={cs.CV}
}
@misc{arbitrary-style-transfer,
      title={Arbitrary Style Transfer in Real-time with Adaptive Instance Normalization}, 
      author={Xun Huang and Serge Belongie},
      year={2017},
      eprint={1703.06868},
      archivePrefix={arXiv},
      primaryClass={cs.CV}
}

@article{dslr-quality,
  author       = {Andrey Ignatov and
                  Nikolay Kobyshev and
                  Kenneth Vanhoey and
                  Radu Timofte and
                  Luc Van Gool},
  title        = {DSLR-Quality Photos on Mobile Devices with Deep Convolutional Networks},
  journal      = {CoRR},
  volume       = {abs/1704.02470},
  year         = {2017},
  url          = {http://arxiv.org/abs/1704.02470},
  eprinttype    = {arXiv},
  eprint       = {1704.02470},
  timestamp    = {Mon, 13 Aug 2018 16:48:02 +0200},
  biburl       = {https://dblp.org/rec/journals/corr/IgnatovKVTG17.bib},
  bibsource    = {dblp computer science bibliography, https://dblp.org}
}


% Implementation

@article{opencv,
    author = {Bradski, G.},
    citeulike-article-id = {2236121},
    journal = {Dr. Dobb's Journal of Software Tools},
    keywords = {bibtex-import},
    posted-at = {2008-01-15 19:21:54},
    priority = {4},
    title = {{The OpenCV Library}},
    year = {2000}
}

@inproceedings{orb,
   author = {Rublee, Ethan and Rabaud, Vincent and Konolige, Kurt and Bradski, Gary},
   year = {2011},
   month = {11},
   pages = {2564-2571},
   title = {ORB: an efficient alternative to SIFT or SURF},
   journal = {Proceedings of the IEEE International Conference on Computer Vision},
   doi = {10.1109/ICCV.2011.6126544}
}

@inproceedings{sift,
  title={Object recognition from local scale-invariant features},
  author={Lowe, David G},
  booktitle={Proceedings of the seventh IEEE international conference on computer vision},
  volume={2},
  pages={1150--1157},
  year={1999},
  organization={Ieee}
}

@article{surf,
  author = {Bay, Herbert and Ess, Andreas and Tuytelaars, Tinne and Gool, Luc Van},
  doi = {10.1016/j.cviu.2007.09.014},
  issn = {1077-3142},
  journal = {Computer Vision and Image Understanding},
  note = {Similarity Matching in Computer Vision and Multimedia},
  number = 3,
  pages = {346 - 359},
  timestamp = {2012-09-30T19:58:26.000+0200},
  title = {Speeded-Up Robust Features (SURF)},
  url = {http://www.sciencedirect.com/science/article/pii/S1077314207001555},
  volume = 110,
  year = 2008
}

@inproceedings{flann,
      author = {Muja, Marius and Lowe, David},
      year = {2009},
      month = {01},
      pages = {331-340},
      title = {Fast Approximate Nearest Neighbors with Automatic Algorithm Configuration.},
      volume = {1},
      journal = {VISAPP 2009 - Proceedings of the 4th International Conference on Computer Vision Theory and Applications}
}


@misc{unet,
      title={U-Net: Convolutional Networks for Biomedical Image Segmentation}, 
      author={Olaf Ronneberger and Philipp Fischer and Thomas Brox},
      year={2015},
      eprint={1505.04597},
      archivePrefix={arXiv},
      primaryClass={cs.CV}
}

@misc{vgg,
      title={Very Deep Convolutional Networks for Large-Scale Image Recognition}, 
      author={Karen Simonyan and Andrew Zisserman},
      year={2015},
      eprint={1409.1556},
      archivePrefix={arXiv},
      primaryClass={cs.CV}
}

@inproceedings{bilateral-filter,
  author={Tomasi, C. and Manduchi, R.},
  booktitle={Sixth International Conference on Computer Vision (IEEE Cat. No.98CH36271)}, 
  title={Bilateral filtering for gray and color images}, 
  year={1998},
  volume={},
  number={},
  pages={839-846},
  keywords={Filtering;Color;Low pass filters;Photometry;Imaging phantoms;Pixel;Shape measurement;Smoothing methods;Computer science;Humans},
  doi={10.1109/ICCV.1998.710815}}

@article{LPIPS,
  author       = {Richard Zhang and
                  Phillip Isola and
                  Alexei A. Efros and
                  Eli Shechtman and
                  Oliver Wang},
  title        = {The Unreasonable Effectiveness of Deep Features as a Perceptual Metric},
  journal      = {CoRR},
  volume       = {abs/1801.03924},
  year         = {2018},
  url          = {http://arxiv.org/abs/1801.03924},
  eprinttype    = {arXiv},
  eprint       = {1801.03924},
  timestamp    = {Wed, 14 Aug 2019 08:23:33 +0200},
  biburl       = {https://dblp.org/rec/journals/corr/abs-1801-03924.bib},
  bibsource    = {dblp computer science bibliography, https://dblp.org}
}

@article{PieAPP,
  author       = {Ekta Prashnani and
                  Hong Cai and
                  Yasamin Mostofi and
                  Pradeep Sen},
  title        = {PieAPP: Perceptual Image-Error Assessment through Pairwise Preference},
  journal      = {CoRR},
  volume       = {abs/1806.02067},
  year         = {2018},
  url          = {http://arxiv.org/abs/1806.02067},
  eprinttype    = {arXiv},
  eprint       = {1806.02067},
  timestamp    = {Mon, 13 Aug 2018 16:46:33 +0200},
  biburl       = {https://dblp.org/rec/journals/corr/abs-1806-02067.bib},
  bibsource    = {dblp computer science bibliography, https://dblp.org}
}

@misc{
      glcm,
      title={Pixel Co-Occurence Based Loss Metrics for Super Resolution Texture Recovery},
      author={Ying Da Wang and Pawel Swietojanski and Ryan T Armstrong and Peyman Mostaghimi},
      year={2020},
      url={https://openreview.net/forum?id=rylrI1HtPr}
}